<?xml version="1.0" encoding="UTF-8"?><collection xmlns="http://www.loc.gov/MARC21/slim"><record><leader>00363nam--2200109-i-4500</leader><controlfield tag="001">000026714</controlfield><controlfield tag="002">20161230</controlfield><controlfield tag="005">20161230201036</controlfield><controlfield tag="008">060222s1000------------r-----000-0-eng-d</controlfield><datafield ind1=" " ind2=" " tag="245"><subfield code="a">Instructiuni privind dimensiionarea consumatorilor tampon de energie electrica si determinarea eficientei lor economice. ed.oficiala</subfield></datafield><datafield ind1=" " ind2=" " tag="260"><subfield code="a">Bucuresti, Esip, 1965. 84p</subfield></datafield><datafield ind1=" " ind2=" " tag="852"><subfield code="a">17922</subfield></datafield></record></collection>